@article{BELLUZZO2005,
   title = {{Distribui\~A\S\~A\poundso de sal\~A!`rios e o diferencial p\~A\textordmasculineblico-privado no Brasil}},
   journal = {{Revista Brasileira de Economia}},
   author={Belluzzo, Walter AND Anuatti-Neto, Francisco AND Pazello, Elaine T.},
   ISSN = {0034-7140},
   language = {pt},
   URL = {http://www.scielo.br/scielo.php?script=sci_arttext&pid=S0034-71402005000400001&nrm=iso},
   volume = {59},
   year = {2005},
   month = {12},
   pages = {511 - 533},
   publisher = {scielo},
   crossref = {10.1590/S0034-71402005000400001},
   }