@article{FOGUEL2000,
   title = {{The public-private wage gap in Brazil}},
   journal = {{Revista Brasileira de Economia}},
   author={Foguel, Miguel N. AND Gill, Indermit AND Mendon\~A\Sa, Rosane AND Barros, Ricardo Paes de},
   ISSN = {0034-7140},
   language = {pt},
   URL = {http://www.scielo.br/scielo.php?script=sci_arttext&pid=S0034-71402000000400003&nrm=iso},
   volume = {54},
   year = {2000},
   month = {12},
   pages = {433 - 472},
   publisher = {scielo},
   crossref = {10.1590/S0034-71402000000400003},
   }