@article{MUELLER1998229,
title = "Publicâ€“private sector wage differentials in Canada: evidence from quantile regressions",
journal = "Economics Letters",
volume = "60",
number = "2",
pages = "229 - 235",
year = "1998",
issn = "0165-1765",
doi = "https://doi.org/10.1016/S0165-1765(98)00110-4",
url = "http://www.sciencedirect.com/science/article/pii/S0165176598001104",
author = "Richard E Mueller",
keywords = "Public sector, Wage differentials"
}