@article{DOMONTE2017229,
title = "Public versus private sector: Do workers’ behave differently?",
journal = "EconomiA",
volume = "18",
number = "2",
pages = "229 - 243",
year = "2017",
issn = "1517-7580",
doi = "https://doi.org/10.1016/j.econ.2017.01.001",
url = "http://www.sciencedirect.com/science/article/pii/S1517758017300243",
author = "Paulo Aguiar do Monte",
keywords = "Sector switch, Work effort, Labor market, Public sector, Private sector, Mudança de setor, Esforço, Mercado de trabalho, Setor Público, Setor Privado"
}